@article{schmelzer2019,
author = {Schmelzer, Ron},
title = {Is Machine Learning Really AI?},
journal = {Forbes},
year = {2019},
month = {November 21},
url = {https://www.forbes.com/sites/cognitiveworld/2019/11/21/is-machine-learning-really-ai/}
}

@article{mccarthy2007artificial,
title={What is artificial intelligence},
author={McCarthy, John and others},
year={2007},
publisher={Stanford University}
}

@online{morber2015software,
title={If software looks like a brain and acts like a brain—will we treat it like one? How we treat brain emulations may ultimately dictate how we treat ourselves.},
author={Morber, Jenny},
year={2015},
month={2},
day={18},
url={https://arstechnica.com/science/2015/02/if-software-looks-like-a-brain-and-acts-like-a-brain-will-we-treat-it-like-one/}
}

@online{edwards2022microsoft,
title={Microsoft takes AI image generation mainstream, strolling into ethics minefield},
author={Edwards, Benj},
year={2022},
month={10},
day={12},
url={https://arstechnica.com/gadgets/2022/10/microsoft-takes-ai-image-generation-mainstream-strolling-into-ethics-minefield/}
}

@misc{Lomasworldcoin2023,
author = {Natasha Lomas},
title = {{W}orldcoin hit with temporary ban in {S}pain over privacy concerns | {T}ech{C}runch --- techcrunch.com},
howpublished = {\url{https://techcrunch.com/2024/03/06/worldcoin-spain-ban/}},
year = {2024},
note = {[Accessed 03-05-2024]},
}

@misc{GuoWorldcoin2022,
author = {Guo, Eileen},
title = {{D}eception, exploited workers, and cash handouts: {H}ow {W}orldcoin recruited its first half a million test users --- technologyreview.com},
howpublished = {\url{https://www.technologyreview.com/2022/04/06/1048981/worldcoin-cryptocurrency-biometrics-web3/}},
year = {2022},
note = {[Accessed 03-05-2024]},
}

@book{dataethics,
author = {Hasselbalch, Gry and Tranberg, Pernille},
title = {Data Ethics -- The New Competitive Advantage},
year = {2016},
edition = {1st},
publisher = {The authors},
copyright = {Copyright \textcopyright{} 2016 The authors},
graphics = {Publishare ApS / Spintype.com},
cover = {Per-Ole Lind},
photos = {Unsplash.com},
editor = {Francesco Lapenta},
language_revision = {Katherine Kirby},
print = {AKA PRINT A/S},
isbn_print = {978-87-7192-017-8},
isbn_pdf = {978-87-7192-018-5},
isbn_epub = {978-87-7192-019-2}
}

@book{ethicsinvention,
author = {Jasanoff, Sheila},
title = {The Ethics of Invention: Technology and the Human Future},
year = {2016},
publisher = {W. W. Norton},
address = {New York},
}

@book{Khalfa1994-KHAWII-2,
editor = {Jean Khalfa},
publisher = {Cambridge University Press},
title = {What is Intelligence?},
year = {1994}
}

@incollection{brey2017ethics,
author = {Brey, Philip},
title = {Ethics of Emerging Technologies},
booktitle = {Methods for the Ethics of Technology},
editor = {Hansson, Sven Ove},
year = {2017},
publisher = {Rowman and Littlefield International},
}


@InCollection{sep-ethics-ai,
author = {Müller, Vincent C.},
title = {{Ethics of Artificial Intelligence and Robotics}},
booktitle = {The {Stanford} Encyclopedia of Philosophy},
editor = {Edward N. Zalta and Uri Nodelman},
howpublished = {\url{https://plato.stanford.edu/archives/fall2023/entries/ethics-ai/}},
year = {2020},
edition = {{F}all 2023},
publisher = {Metaphysics Research Lab, Stanford University}
}

@misc{green2024whatis,
author = {Green, Brian Patrick},
title = {What is Technology Ethics?},
year = {2024},
howpublished = {Adapted from the video What Is Technology Ethics?},
note = {This article is adapted from the video What Is Technology Ethics?},
}

@misc{chukwuere2024future,
title={The future of generative AI chatbots in higher education},
author={Joshua Ebere Chukwuere},
year={2024},
eprint={2403.13487},
archivePrefix={arXiv},
primaryClass={cs.CY}
}

@online{roth2023worldcoin,
title={The promise and peril of Worldcoin},
author={Roth, Vahan P.},
year={2023},
url={https://www.gisreportsonline.com/r/promise-peril-worldcoin/},
organization={Worldcoin},
month={July},
day={24}
}